% Glossary Terms

@misc{sideChains:Online,
		title = {Enabling Blockchain Innovations with Pegged Sidechains},
		author = {Adam Back  Matt Corallo},
		howpublished = { \url{https://blockstream.com/sidechains.pdf}},
		note = {Accessed May 31, 2018},
}
% White papers, do I list in the order that I use then, such is citation?, with separately the citations in cited and not cited, the order in this reference file, corresponds to the order of the references.


% First citation
@misc{bitcoinWhitePaper:Online,
	howpublished = {  \url{https://bitcoin.org/bitcoin.pdf}},
	title = {Bitcoin White Paper},
	note = {Accessed April 25, 2018},
}

@misc{bitCoinProblems:Online,
	howpublished = {  \url{https://www.forbes.com/sites/forbestechcouncil/2018/03/29/the-problems-with-bitcoin-and-the-future-of-blockchain}},
	author = {Saeed Elnaj},
	title = {The Problems With Bitcoin And The Future Of Blockchain
	},
	note = {Accessed May 06, 2018},
}
@misc{ethereumWhitePaper:Online,
	howpublished = {  \url{https://github.com/ethereum/wiki/wiki/White-Paper}},
	title = {Ethereum White Paper},
	note = {Accessed April 25, 2018},
}

% Decentralized Applications Citations

@book{book:bchainForDummies,
   title =     {Blockchain For Dummies},
   author =    {Tiana Laurence},
   publisher = {For Dummies},
   isbn =      {1119365597,9781119365594},
   year =      {2017},
   series =    {For Dummies: Computers},
   edition =   {1},
}


@misc{hyperledgerComposer:Online,
	howpublished = {  \url{https://www.hyperledger.org/wp-content/uploads/2017/05/Hyperledger-Composer-Overview.pdf}},
	title = {Hyperledger Composer Overview},
	note = {Accessed May 27, 2018},
} 

% Smart Contracts Citations
% See http://www.nortonrosefulbright.com/files/norton-rose-fulbright--r3-smart-contracts-white-paper-key-findings-nov-2016-144554.pdf
@misc{keyfindings:Online,
	title = {Can smart contracts be legally binding contracts?},
	author = {Norton Rose Fulbright and R3},
	howpublished = { \url{http://www.nortonrosefulbright.com/files/norton-rose-fulbright--r3-smart-contracts-white-paper-key-findings-nov-2016-144554.pdf}},
	note = {Accessed May 29, 2018},
}


// Finish off smart Contracts session with this reference
@misc{funnyJoke:Online,
	title = {Yes, this kid really just deleted 300 MILLION by messing around with Ethereum’s smart contracts.},
	author = {Thijs Maas},
	howpublished = { \url{https://hackernoon.com/yes-this-kid-really-just-deleted-150-million-dollar-by-messing-around-with-ethereums-smart-2d6bb6750bb9}},
	note = {Accessed May 29, 2018},
}


@misc{loomNetwork:Online,
		title = {Loom Network sdk for developers},
		author = {Adam Back  Matt Corallo},
		howpublished = { \url{https://medium.com/loom-network/loom-sdk-for-developers-using-an-indexing-layer-for-lightning-fast-dapp-performance-b17f8ba25a3c}},
		note = {Accessed May 31, 2018},
}
% https://medium.com/loom-network/loom-sdk-for-developers-using-an-indexing-layer-for-lightning-fast-dapp-performance-b17f8ba25a3c

% COnsider http://truffleframework.com/tutorials/pet-shop
% https://www.investopedia.com/terms/s/smart-contracts.asp
% Go to uvic library and pick out some more papers or shit
% like that on smart contracts

% Uncited References

@online{dapptutorial:Online,
	ALTauthor = {Mahesh Murthy},
	title = {Full Stack Hello World Voting Ethereum Dapp Tutorial Part 1},
	date = {Jan 18, 2017},
	url = {https://medium.com/@mvmurthy/full-stack-hello-world-voting-ethereum-dapp-tutorial-part-1-40d2d0d807c2},
	OPTorganization = {Medium},
}

@misc{mjhmDappEzInstall:Git,
	author = {mjhm},
	title = {Hello World Dapp},
	year = {2018},
	publisher = {GitHub},
	journal = {GitHub repository},
	howpublished = {\url{https://github.com/mjhm/hello_world_dapp}},
	commit = {9bd831d68e0868a62cfe42a8aaf81298776100c09},
}

%
@misc{bitcoin:Mining,
	howpublished = {  \url{https://www.investopedia.com/terms/b/bitcoin-mining.asp}},
	title = {Bitcoin mining},
	note = {Accessed May 27, 2018},
} 


% Another citation, maybe use it
@article{5d72e123d9744c69a68e7ef0adaeaef4,
	title = "Validation and verification of smart contracts: a research agenda",
	author = "{Daniele Magazzeni and McBurney, and William Nash}",
	year = "2017",
	month = "9",
	day = "22",
	doi = "10.1109/MC.2017.3571045",
	language = "English",
	volume = "50",
	pages = "50--57",
	journal = "COMPUTER",
	issn = "0018-9162",
	publisher = "IEEE Computer Society",
	number = "9",
}

% https://hackernoon.com/what-are-sidechains-1c45ea2daf3
@misc{whatAreSideChains:Online,
		title = {What are sidechains},
		howpublished = { \url{https://hackernoon.com/what-are-sidechains-1c45ea2daf3}},
		note = {Accessed May 31, 2018},
}

% https://bitcoinmagazine.com/articles/what-are-the-use-cases-for-private-blockchains-the-experts-weigh-in-1466440884/